@article{van2018identification,
  title={Identification of 64 novel genetic loci provides an expanded view on the genetic architecture of coronary artery disease},
  author={van der Harst, Pim and Verweij, Niek},
  journal={Circulation research},
  volume={122},
  number={3},
  pages={433--443},
  year={2018},
  publisher={Am Heart Assoc}
}

@article{schumacher2018association,
  title={Association analyses of more than 140,000 men identify 63 new prostate cancer susceptibility loci},
  author={Schumacher, Fredrick R and Al Olama, Ali Amin and Berndt, Sonja I and Benlloch, Sara and Ahmed, Mahbubl and Saunders, Edward J and Dadaev, Tokhir and Leongamornlert, Daniel and Anokian, Ezequiel and Cieza-Borrella, Clara and others},
  journal={Nature genetics},
  volume={50},
  number={7},
  pages={928},
  year={2018},
  publisher={Nature Publishing Group}
}

@article{buniello2018nhgri,
  title={The {NHGRI-EBI GWAS C}atalog of published genome-wide association studies, targeted arrays and summary statistics 2019},
  author={Buniello, Annalisa and MacArthur, Jacqueline A L and Cerezo, Maria and Harris, Laura W and Hayhurst, James and Malangone, Cinzia and McMahon, Aoife and Morales, Joannella and Mountjoy, Edward and Sollis, Elliot and others},
  journal={Nucleic acids research},
  volume={47},
  number={D1},
  pages={D1005--D1012},
  year={2018},
  publisher={Oxford University Press}
}

@article{michailidou2017association,
  title={Association analysis identifies 65 new breast cancer risk loci},
  author={Michailidou, Kyriaki and Lindstr{\"o}m, Sara and Dennis, Joe and Beesley, Jonathan and Hui, Shirley and Kar, Siddhartha and Lema{\c{c}}on, Audrey and Soucy, Penny and Glubb, Dylan and Rostamianfar, Asha and others},
  journal={Nature},
  volume={551},
  number={7678},
  pages={92},
  year={2017},
  publisher={Nature Publishing Group}
}

@article{chang2015second,
  title={Second-generation {PLINK}: rising to the challenge of larger and richer datasets},
  author={Chang, Christopher C and Chow, Carson C and Tellier, Laurent CAM and Vattikuti, Shashaank and Purcell, Shaun M and Lee, James J},
  journal={Gigascience},
  volume={4},
  number={1},
  pages={7},
  year={2015},
  publisher={BioMed Central}
}


@article{falconer1965inheritance,
  title={The inheritance of liability to certain diseases, estimated from the incidence among relatives},
  author={Falconer, Douglas S},
  journal={Annals of human genetics},
  volume={29},
  number={1},
  pages={51--76},
  year={1965},
  publisher={Wiley Online Library}
}

@article{bycroft2017genome,
  title={The UK Biobank resource with deep phenotyping and genomic data},
  author={Bycroft, Clare and Freeman, Colin and Petkova, Desislava and Band, Gavin and Elliott, Lloyd T and Sharp, Kevin and Motyer, Allan and Vukcevic, Damjan and Delaneau, Olivier and O'Connell, Jared and others},
  journal={Nature},
  volume={562},
  number={7726},
  pages={203},
  year={2018},
  publisher={Nature Publishing Group}
}

@article{euesden2014prsice,
  title={{PRS}ice: polygenic risk score software},
  author={Euesden, Jack and Lewis, Cathryn M and O\'reilly, Paul F},
  journal={Bioinformatics},
  volume={31},
  number={9},
  pages={1466--1468},
  year={2014},
  publisher={Oxford University Press}
}

@article{purcell2009common,
  title={Common polygenic variation contributes to risk of schizophrenia and bipolar disorder},
  author={Purcell, Shaun M and Wray, Naomi R and Stone, Jennifer L and Visscher, Peter M and O'donovan, Michael C and Sullivan, Patrick F and Sklar, Pamela and Ruderfer, Douglas M and McQuillin, Andrew and Morris, Derek W and others},
  journal={Nature},
  volume={460},
  number={7256},
  pages={748--752},
  year={2009},
  publisher={Nature Publishing Group}
}
